<?xml version="1.0" encoding="UTF-8"?><record xmlns="http://www.loc.gov/MARC21/slim" xmlns:cinclude="http://apache.org/cocoon/include/1.0" xmlns:zs="http://www.loc.gov/zing/srw/">
  <leader>00570cz  a2200169n  4500</leader>
  <controlfield tag="001">n  92003795 </controlfield>
  <controlfield tag="003">DLC</controlfield>
  <controlfield tag="005">20000721064304.0</controlfield>
  <controlfield tag="008">920114n| acannaabn          |a aad      </controlfield>
  <datafield tag="010" ind1=" " ind2=" ">
    <subfield code="a">n  92003795 </subfield>
  </datafield>
  <datafield tag="035" ind1=" " ind2=" ">
    <subfield code="a">(OCoLC)oca03090156</subfield>
  </datafield>
  <datafield tag="040" ind1=" " ind2=" ">
    <subfield code="a">DLC</subfield>
    <subfield code="b">eng</subfield>
    <subfield code="c">DLC</subfield>
    <subfield code="d">DLC</subfield>
    <subfield code="d">OCoLC</subfield>
  </datafield>
  <datafield tag="100" ind1="1" ind2=" ">
    <subfield code="a">S. de Roca, Angelina</subfield>
  </datafield>
  <datafield tag="400" ind1="1" ind2=" ">
    <subfield code="a">Saavedra de Roca, Angelina</subfield>
  </datafield>
  <datafield tag="400" ind1="1" ind2=" ">
    <subfield code="a">De Roca, Angelina S.</subfield>
  </datafield>
  <datafield tag="400" ind1="1" ind2=" ">
    <subfield code="a">Roca, Angelina S. de</subfield>
  </datafield>
  <datafield tag="670" ind1=" " ind2=" ">
    <subfield code="a">nuc92-252: Her Apuntes sobre algunos aspectos relacionados ... 1973</subfield>
    <subfield code="b">(hdg. on PrU rept.: Saavedra de Roca, Angelina; usage: Angelina S. de Roca)</subfield>
  </datafield>
</record>